@article{bontempi2015dependency,
  title={From dependency to causality: a machine learning approach},
  author={Bontempi, Gianluca and Flauder, Maxime},
  journal={The Journal of Machine Learning Research},
  volume={16},
  number={1},
  pages={2437--2457},
  year={2015},
  publisher={JMLR. org}
}

@inproceedings{lopez2015towards,
  title={Towards a learning theory of cause-effect inference},
  author={Lopez-Paz, David and Muandet, Krikamol and Sch{\"o}lkopf, Bernhard and Tolstikhin, Iliya},
  booktitle={International Conference on Machine Learning},
  pages={1452--1461},
  year={2015}
}

@inproceedings{lopez2017discovering,
  title={Discovering causal signals in images},
  author={Lopez-Paz, David and Nishihara, Robert and Chintala, Soumith and Sch{\"o}lkopf, Bernhard and Bottou, L{\'e}on},
  booktitle={The IEEE Conference on Computer Vision and Pattern Recognition (CVPR 2017)},
  year={2017}
}

@article{benozzo2017supervised,
  title={Supervised Estimation of Granger-Based Causality between Time Series},
  author={Benozzo, Danilo and Olivetti, Emanuele and Avesani, Paolo},
  journal={Frontiers in neuroinformatics},
  volume={11},
  year={2017},
  publisher={Frontiers Media SA}
}

@incollection{chicharro2014parametric,
  title={Parametric and non-parametric criteria for causal inference from time-series},
  author={Chicharro, Daniel},
  booktitle={Directed Information Measures in Neuroscience},
  pages={195--219},
  year={2014},
  publisher={Springer}
}