@inproceedings{worrall2017harmonic,
  title={Harmonic networks: Deep translation and rotation equivariance},
  author={Worrall, Daniel E and Garbin, Stephan J and Turmukhambetov, Daniyar and Brostow, Gabriel J},
  booktitle={Proc. IEEE Conf. on Computer Vision and Pattern Recognition (CVPR)},
  volume={2},
  year={2017}
}

@inproceedings{cohen2016group,
  title={Group equivariant convolutional networks},
  author={Cohen, Taco and Welling, Max},
  booktitle={International Conference on Machine Learning},
  pages={2990--2999},
  year={2016}
}

@article{winkens2018improved,
  title={Improved Semantic Segmentation for Histopathology using Rotation Equivariant Convolutional Networks},
  author={Winkens, Jim and Linmans, Jasper and Veeling, Bastiaan S and Cohen, Taco S and Welling, Max},
  year={2018}
}

@article{winkels20183d,
  title={3D G-CNNs for Pulmonary Nodule Detection},
  author={Winkels, Marysia and Cohen, Taco S},
  journal={arXiv preprint arXiv:1804.04656},
  year={2018}
}